@InProceedings{csys,
author = {J.A. Keuning, U.B. Sonnenberg},
title = {Approximation of the Calm Water Resistance on a Sailing Yacht Based on the 'Delft Systematic Yacht Hull Series},
booktitle = {The 14th Chesapake Sailing Yacht Symposium},
}
